@book{masse2011rest,
	title={REST API design rulebook},
	author={Masse, Mark},
	year={2011},
	publisher={O'Reilly Media, Inc.}
}

@mastersthesis{rizzo2015progettazione,
	title={Progettazione e sviluppo di mashup mobile context aware: il progetto CAMUS},
	author={Corvetta, Fabio and Rizzo, Vincenzo},
	school={Politecnico di Milano},
	type={master},
	year={2015}
}